<?xml version="1.0" encoding="utf-8" standalone="no"?>
<!DOCTYPE Archive SYSTEM "http://greenstone.org/dtd/Archive/1.0/Archive.dtd">
<Archive>
<Section>
  <Description>
    <Metadata name="gsdlsourcefilename">import\marc\locbeatles50.marc</Metadata>
    <Metadata name="gsdldoctype">indexed_doc</Metadata>
    <Metadata name="Language">en</Metadata>
    <Metadata name="Encoding">iso_8859_1</Metadata>
    <Metadata name="Source">locbeatles50.marc</Metadata>
    <Metadata name="SourceFile">locbeatles50.marc</Metadata>
    <Metadata name="SourceSegment">27</Metadata>
    <Metadata name="Plugin">MARCPlugin</Metadata>
    <Metadata name="dc.Format">MARC</Metadata>
    <Metadata name="FileFormat">MARC</Metadata>
    <Metadata name="dc.Title">Dawn of the silver Beatles &amp;#091;sound recording&amp;#093;.</Metadata>
    <Metadata name="dc.Publisher">&amp;#091;S.l.&amp;#093; :</Metadata>
    <Metadata name="dc.Publisher">Pac Records,</Metadata>
    <Metadata name="dc.Date">p1981.</Metadata>
    <Metadata name="dc.Description">Brief record.</Metadata>
    <Metadata name="dc.Description">Love of the loved -- Sure to fall -- Money -- Talke good care of my baby -- Three cool cats -- Like dreamers do -- Searchin' -- Crying, waiting, hoping -- Till there was you -- Memphis.</Metadata>
    <Metadata name="dc.Description">Performed by the Beatles (John Lennon, Paul McCartney, George Harrison, Peter Best).</Metadata>
    <Metadata name="dc.Subject">Rock music.</Metadata>
    <Metadata name="dc.Creator">Beatles. prf</Metadata>
    <Metadata name="Identifier">HASH6f7737a884fe1d1c2b476fs27</Metadata>
    <Metadata name="lastmodified">1505406176</Metadata>
    <Metadata name="lastmodifieddate">20170914</Metadata>
    <Metadata name="oailastmodified">1545014471</Metadata>
    <Metadata name="oailastmodifieddate">20181217</Metadata>
    <Metadata name="assocfilepath">HASH6f77/37a884fe/1d1c2b47/6fs27.dir</Metadata>
  </Description>
  <Content>&lt;pre&gt;
 LDR 01079njm  22003017a 4500
001     5749286
005     19950204073643.4
007     sdubumennmpluu
008     950203s1981    xx uun              eng  
035    _9 (DLC)   95774124
906    _a 7
       _b cbc
       _c orignew
       _d 3
       _e ncip
       _f 19
       _g y-genmusic
955    _a vn22
010    _a    95774124 
028 00 _a 38356
       _b Pac Records
035    _a (OCoLC)31926039 
040    _a DLC
       _c DLC
050 00 _a Pac Records 38356
245 00 _a Dawn of the silver Beatles
       _h [sound recording].
260    _a [S.l.] :
       _b Pac Records,
       _c p1981.
300    _a 1 sound disc :
       _b analog, 33 1/3 rpm ;
       _c 12 in.
511 0  _a Performed by the Beatles (John Lennon, Paul McCartney,
 George Harrison, Peter Best).
505 0  _a Love of the loved -- Sure to fall -- Money -- Talke good
 care of my baby -- Three cool cats -- Like dreamers do --
 Searchin' -- Crying, waiting, hoping -- Till there was you --
 Memphis.
500    _a Brief record.
650  0 _a Rock music.
710 2  _a Beatles.
       _4 prf
953    _a TA28
985    _a 9502
991    _b c-RecSound
       _h Pac Records 38356
       _w MUSIC
&lt;/pre&gt;
</Content>
</Section>
</Archive>
